@book{MAI83,
 author = {Maier, David},
 title = {The Theory of Relational Databases},
 year = {1983},
 isbn = {0914894420},
 publisher = {Computer Science Pr},
 url = {http://web.cecs.pdx.edu/~maier/TheoryBook/TRD.html}
} 

@book{ABE19,
author={Abedjan, Ziawasch and Golab, Lukasz and Naumann, Felix and Papenbrock, Thorsten},
title={Data Profiling},
year={2019},
doi={https://doi.org/10.2200/S00878ED1V01Y201810DTM052},
isbn={9781681734477}
}

@article{PAP15,
 author = {Papenbrock, Thorsten and Ehrlich, Jens and Marten, Jannik and Neubert, Tommy and Rudolph, Jan-Peer and Sch\"{o}nberg, Martin and Zwiener, Jakob and Naumann, Felix},
 title = {Functional Dependency Discovery: An Experimental Evaluation of Seven Algorithms},
 journal = {Proc. VLDB Endow.},
 issue_date = {June 2015},
 volume = {8},
 number = {10},
 month = jun,
 year = {2015},
 issn = {2150-8097},
 pages = {1082--1093},
 numpages = {12},
 url = {https://doi.org/10.14778/2794367.2794377},
 doi = {10.14778/2794367.2794377},
 acmid = {2794377},
 publisher = {VLDB Endowment},
} 

@article{KRU18,
 author = {Kruse, Sebastian and Naumann, Felix},
 title = {Efficient Discovery of Approximate Dependencies},
 journal = {Proc. VLDB Endow.},
 issue_date = {March 2018},
 volume = {11},
 number = {7},
 month = mar,
 year = {2018},
 issn = {2150-8097},
 pages = {759--772},
 numpages = {14},
 url = {https://doi.org/10.14778/3192965.3192968},
 doi = {10.14778/3192965.3192968},
 acmid = {3228335},
 publisher = {VLDB Endowment},
} 
